

@book{ma:japanmediaart,
author = "馬定延",
yomi = "Jonyon Ma",
title = "日本メディアアート史",
publisher = "アルテスパブリッシング",
year = 2014
}

@book{huhtamo:mediaarcheology,
author = "Erkki Huhtamo",
title = "メディア考古学 過去・現在・未来の対話のために",
year = 2015,
publisher = "NTT出版",
jauthor = "太田純貴",
isbn = 9784757103542

}

@book{stern:audiblepast,
author = "Jonathan Sterne",
jauthor = "中川克志、金子智太郎、谷口文和",
title = "The Audible Past  Cultural Origin of Sound Reproduction",
jtitle = "聞こえくる過去　音響再生産の文化的起源",
year = 2002,
jyear = 2015,
publisher = "Duke University Press",
jpublisher = "インスクリプト",
isbn = 9784900997585

}

@book{onkyomediashi,
author = "谷口文和、中川克志、福田裕大",
title = "音響メディア史",
year = "2015",
publisher = "ナカニシヤ出版",
isbn = 9784779509513
}

@misc{niconicogakkai,
title = "{ニコニコ学会βとは 第9回ニコニコ学会シンポジウム}",
howpublished = "\url{http://niconicogakkai.tumblr.com/About}"
}

@online{ipsjmusium,
title = "IPSJ コンピュータ博物館",
url = {http://museum.ipsj.or.jp/},
year = {2015},
urldate = {2016-11-25}
}

@online{iamas:RIWP,
title = "情報科学芸術大学院大学 オープンスペース2015 – 車輪の再発明プロジェクト",
url = "http://www.iamas.ac.jp/15362",
year = {2015},
urldate = {2016-11-25}
}
